@inproceedings{Sharfman2006GM,
 author = {Sharfman, Izchak and Schuster, Assaf and Keren, Daniel},
 title = {A Geometric Approach to Monitoring Threshold Functions over Distributed Data Streams},
 booktitle = {Proceedings of the 2006 ACM SIGMOD International Conference on Management of Data},
 series = {SIGMOD '06},
 year = {2006},
 isbn = {1-59593-434-0},
 location = {Chicago, IL, USA},
 pages = {301--312},
 numpages = {12},
 url = {http://doi.acm.org/10.1145/1142473.1142508},
 doi = {10.1145/1142473.1142508},
 acmid = {1142508},
 publisher = {ACM},
 address = {New York, NY, USA},
 keywords = {data streams, distributed monitoring},
}

@article{Keren2014GMHetStreams,
  added-at = {2015-09-08T00:00:00.000+0200},
  author = {Keren, Daniel and Sagy, Guy and Abboud, Amir and Ben-David, David and Schuster, Assaf and Sharfman, Izchak and Deligiannakis, Antonios},
  biburl = {https://puma.ub.uni-stuttgart.de/bibtex/21013a98edde302e85e3a07c8a06afecd/dblp},
  ee = {http://doi.ieeecomputersociety.org/10.1109/TKDE.2013.180},
  interhash = {ec14d36e5943f33a5817681408b058a7},
  intrahash = {1013a98edde302e85e3a07c8a06afecd},
  journal = {IEEE Trans. Knowl. Data Eng.},
  keywords = {dblp},
  number = 8,
  pages = {1890-1903},
  timestamp = {2016-02-02T01:50:05.000+0100},
  title = {Geometric Monitoring of Heterogeneous Streams.},
  url = {http://dblp.uni-trier.de/db/journals/tkde/tkde26.html#KerenSABSSD14},
  volume = 26,
  year = 2014
}


